@article{DBLP:journals/corr/MirzaO14,
  author    = {Mehdi Mirza and
               Simon Osindero},
  title     = {Conditional Generative Adversarial Nets},
  journal   = {CoRR},
  volume    = {abs/1411.1784},
  year      = {2014},
  url       = {http://arxiv.org/abs/1411.1784},
  archivePrefix = {arXiv},
  eprint    = {1411.1784},
  timestamp = {Mon, 13 Aug 2018 16:48:15 +0200},
  biburl    = {https://dblp.org/rec/journals/corr/MirzaO14.bib},
  bibsource = {dblp computer science bibliography, https://dblp.org}
}

@misc{goodfellow2014generative,
    title={Generative Adversarial Networks},
    author={Ian J. Goodfellow and Jean Pouget-Abadie and Mehdi Mirza and Bing Xu and David Warde-Farley and Sherjil Ozair and Aaron Courville and Yoshua Bengio},
    year={2014},
    eprint={1406.2661},
    archivePrefix={arXiv},
    primaryClass={stat.ML}
}