@misc{zhu2017unpaired,
    title={Unpaired Image-to-Image Translation using Cycle-Consistent Adversarial Networks},
    author={Jun-Yan Zhu and Taesung Park and Phillip Isola and Alexei A. Efros},
    year={2017},
    eprint={1703.10593},
    archivePrefix={arXiv},
    primaryClass={cs.CV}
}

@misc{goodfellow2014generative,
    title={Generative Adversarial Networks},
    author={Ian J. Goodfellow and Jean Pouget-Abadie and Mehdi Mirza and Bing Xu and David Warde-Farley and Sherjil Ozair and Aaron Courville and Yoshua Bengio},
    year={2014},
    eprint={1406.2661},
    archivePrefix={arXiv},
    primaryClass={stat.ML}
}
