@misc{goodfellow2014generative,
    title={Generative Adversarial Networks},
    author={Ian J. Goodfellow and Jean Pouget-Abadie and Mehdi Mirza and Bing Xu and David Warde-Farley and Sherjil Ozair and Aaron Courville and Yoshua Bengio},
    year={2014},
    eprint={1406.2661},
    archivePrefix={arXiv},
    primaryClass={stat.ML}
}

@misc{arjovsky2017wasserstein,
    title={Wasserstein GAN},
    author={Martin Arjovsky and Soumith Chintala and LÃ©on Bottou},
    year={2017},
    eprint={1701.07875},
    archivePrefix={arXiv},
    primaryClass={stat.ML}
}
@misc{lindqvist2020minimax,
    title={Minimax Defense against Gradient-based Adversarial Attacks},
    author={Blerta Lindqvist and Rauf Izmailov},
    year={2020},
    eprint={2002.01256},
    archivePrefix={arXiv},
    primaryClass={cs.LG}
}